<record><leader>00000cas a22000007a 4500</leader><controlfield tag="001">10618504</controlfield><controlfield tag="007">hd afu---buca</controlfield><controlfield tag="008">840411d18211822nyuuu nea     0   a0eng d</controlfield><datafield ind1=" " ind2=" " tag="010"><subfield code="a">sn 85060364 </subfield></datafield><datafield ind1=" " ind2=" " tag="040"><subfield code="a">XBM</subfield><subfield code="b">eng</subfield><subfield code="c">XBM</subfield><subfield code="d">HUL</subfield><subfield code="d">OCL</subfield><subfield code="d">OCLCQ</subfield><subfield code="d">OCLCF</subfield><subfield code="d">OCLCO</subfield><subfield code="d">OCL</subfield></datafield><datafield ind1=" " ind2=" " tag="012"><subfield code="i">8512</subfield></datafield><datafield ind1=" " ind2=" " tag="019"><subfield code="a">10807450</subfield></datafield><datafield ind1=" " ind2=" " tag="042"><subfield code="a">msc</subfield></datafield><datafield ind1=" " ind2=" " tag="043"><subfield code="a">n-us-ny</subfield></datafield><datafield ind1=" " ind2="4" tag="050"><subfield code="a">AN2.A2</subfield><subfield code="b">I5471</subfield></datafield><datafield ind1="0" ind2="0" tag="245"><subfield code="a">Ballston Spa gazette and Saratoga farmer</subfield><subfield code="h">[microform].</subfield></datafield><datafield ind1="3" ind2="0" tag="246"><subfield code="a">Saratoga farmer</subfield></datafield><datafield ind1=" " ind2=" " tag="260"><subfield code="a">Ballston Spa [N.Y.] :</subfield><subfield code="b">J. Comstock,</subfield><subfield code="c">1821-1822.</subfield></datafield><datafield ind1=" " ind2=" " tag="300"><subfield code="a">1 v. ;</subfield><subfield code="c">51 cm.</subfield></datafield><datafield ind1="0" ind2=" " tag="362"><subfield code="a">Vol. 1, no. 1 (Oct. 17, 1821)-v. 1, no. 37 (June 25, 1822).</subfield></datafield><datafield ind1=" " ind2=" " tag="533"><subfield code="a">Microfilm.</subfield><subfield code="b">New York :</subfield><subfield code="c">Readex Microprint Corp.,</subfield><subfield code="d">[1984].</subfield><subfield code="e">1 microfilm reel ; 4 in., 35 mm.</subfield><subfield code="f">(Early American newspapers).</subfield></datafield><datafield ind1=" " ind2="0" tag="651"><subfield code="a">New York (State)</subfield><subfield code="x">History</subfield><subfield code="y">1775-1865</subfield><subfield code="x">Sources</subfield><subfield code="v">Periodicals.</subfield></datafield><datafield ind1=" " ind2="7" tag="650"><subfield code="a">History</subfield><subfield code="x">Sources.</subfield><subfield code="2">fast</subfield><subfield code="0">(OCoLC)fst00958295</subfield></datafield><datafield ind1=" " ind2="7" tag="651"><subfield code="a">New York (State)</subfield><subfield code="2">fast</subfield><subfield code="0">(OCoLC)fst01210280</subfield></datafield><datafield ind1=" " ind2="7" tag="648"><subfield code="a">1775-1865</subfield><subfield code="2">fast</subfield></datafield><datafield ind1=" " ind2="7" tag="655"><subfield code="a">History</subfield><subfield code="2">fast</subfield><subfield code="0">(OCoLC)fst01411628</subfield></datafield><datafield ind1=" " ind2="7" tag="655"><subfield code="a">Periodicals.</subfield><subfield code="2">fast</subfield><subfield code="0">(OCoLC)fst01411641</subfield></datafield><datafield ind1=" " ind2=" " tag="752"><subfield code="a">United States</subfield><subfield code="b">New York</subfield><subfield code="d">Ballston Spa.</subfield></datafield><datafield ind1="1" ind2=" " tag="776"><subfield code="t">Ballston Spa gazette and Saratoga farmer</subfield><subfield code="w">(DLC)sn 83030796</subfield><subfield code="w">(OCoLC)9671424</subfield></datafield><datafield ind1="0" ind2="0" tag="780"><subfield code="t">Saratoga farmer</subfield></datafield><datafield ind1="0" ind2="0" tag="785"><subfield code="t">Ballston Spa gazette</subfield><subfield code="w">(DLC)sn 85060365</subfield></datafield><datafield ind1=" " ind2=" " tag="850"><subfield code="a">MH</subfield></datafield><datafield ind1="1" ind2=" " tag="029"><subfield code="a">AU@</subfield><subfield code="b">000003676316</subfield></datafield></record>